@misc{beaufort2020computing,
      title={Computing cross fields -- A PDE approach based on the Ginzburg-Landau theory}, 
      author={Pierre-Alexandre Beaufort and Christos Georgiadis Jonathan Lambrechts and François Henrotte and Christophe Geuzaine and Jean-François Remacle},
      year={2020},
      eprint={1706.01344},
      archivePrefix={arXiv},
      primaryClass={math.NA}
}

@inproceedings{kowalski:hal-01076754,
  TITLE = {{A PDE based approach to multi-domain partitioning and quadrilateral meshing}},
  AUTHOR = {Kowalski, Nicolas and Ledoux, Franck and Frey, Pascal},
  URL = {https://hal.sorbonne-universite.fr/hal-01076754},
  BOOKTITLE = {{21th Int. Meshing Roundtable}},
  ADDRESS = {San Jose, United States},
  ORGANIZATION = {{Sandia Natl. Labs.}},
  YEAR = {2012},
  MONTH = Oct,
  KEYWORDS = {mesh generation ; finite element methods ; partial differential equations ; elliptic ; quadrilateral ; partitioning ; multi-domain},
  PDF = {https://hal.sorbonne-universite.fr/hal-01076754/file/imr21.pdf},
  HAL_ID = {hal-01076754},
  HAL_VERSION = {v1},
}
@article{10.1145/1183287.1183297,
author = {Ray, Nicolas and Li, Wan Chiu and L\'{e}vy, Bruno and Sheffer, Alla and Alliez, Pierre},
title = {Periodic Global Parameterization},
year = {2006},
issue_date = {October 2006},
publisher = {Association for Computing Machinery},
address = {New York, NY, USA},
volume = {25},
number = {4},
issn = {0730-0301},
url = {https://doi.org/10.1145/1183287.1183297},
doi = {10.1145/1183287.1183297},
journal = {ACM Trans. Graph.},
month = oct,
pages = {1460–1485},
numpages = {26},
keywords = {conformality, Mesh processing, parameterization}
}
@article{MJKDASSJPJ,
   title={A high resolution PDE approach to quadrilateral mesh generation},
   volume={399},
   ISSN={0021-9991},
   url={http://dx.doi.org/10.1016/j.jcp.2019.108918},
   DOI={10.1016/j.jcp.2019.108918},
   journal={Journal of Computational Physics},
   publisher={Elsevier BV},
   author={Marcon, Julian and Kopriva, David A. and Sherwin, Spencer J. and Peiró, Joaquim},
   year={2019},
   month={Dec},
   pages={108918}
}


@misc{macq2020ginzburglandau,
      title={Ginzburg-Landau energy and placement of singularities in generated cross fields}, 
      author={Alexis Macq and Maxence Reberol and François Henrotte and Pierre-Alexandre Beaufort and Alexandre Chemin and Jean-François Remacle and Jean Van Schaftingen},
      year={2020},
      eprint={2010.16381},
      archivePrefix={arXiv},
      primaryClass={math.NA}
}
@misc{c2021quad,
      title={Quad layouts with high valence singularities for flexible quad meshing}, 
      author={Jovana Jezdimirovi\'{c} and Alexandre Chemin and Maxence Reberol and François Henrotte and Jean François Remacle},
      year={2021},
      eprint={2103.02939},
      archivePrefix={arXiv},
      primaryClass={math.NA}
}

@misc{viertel2018approach,
      title={An Approach to Quad Meshing Based on Harmonic Cross-Valued Maps and the Ginzburg-Landau Theory}, 
      author={Ryan Viertel and Braxton Osting},
      year={2018},
      eprint={1708.02316},
      archivePrefix={arXiv},
      primaryClass={cs.CG}
}
@article{10.1145/1356682.1356683,
author = {Ray, Nicolas and Vallet, Bruno and Li, Wan Chiu and L\'{e}vy, Bruno},
title = {N-Symmetry Direction Field Design},
year = {2008},
issue_date = {April 2008},
publisher = {Association for Computing Machinery},
address = {New York, NY, USA},
volume = {27},
number = {2},
issn = {0730-0301},
url = {https://doi.org/10.1145/1356682.1356683},
doi = {10.1145/1356682.1356683},
journal = {ACM Trans. Graph.},
month = may,
articleno = {10},
numpages = {13},
keywords = {Vector field design, N-symmetry direction field, topology}
}