@book{Hein_04,
author = {Hein, Achim},
title = {Processing of SAR Data - Fundamentals, Signal Processing, Interferometry},
year = {2004},
publisher = {Springer-Verlag Berlin Heidelberg},
doi = {10.1007/978-3-662-09457-0},
url = {http://dx.doi.org/10.1007/978-3-662-09457-0}
}

@techreport{ASPIR,
     title = {ASPIR},
     author = {Chanteclerc, M. and Boutry, J. M.},
     year = {2011},
     institution = {ONERA, D\'epartement \'Electromagn\'etisme et Radar},
     month = {01},
     pages={87}
}

@INPROCEEDINGS{Lopes_IGARSS92,
author={A. {Lopes} and E. {Mougin} and A. {Beaudoin} and S. {Goze} and E. {Nezry} and R. {Touzi} and M. A. {Karam} and A. K. {Fung}},
booktitle={[Proceedings] IGARSS '92 International Geoscience and Remote Sensing Symposium},
title={Phase Difference Statistics Related To Sensor And Forest Parameters},
year={1992},
volume={1},
number={},
pages={779-781},
keywords={Statistics;Polarization;Speckle;Clutter;Vegetation mapping;Backscatter;Radar scattering;Radiometry;Soil;Radar polarimetry},
doi={10.1109/IGARSS.1992.576832},
ISSN={},
month={May},}

@ARTICLE{Zebker_TGRS92,
author={H. A. {Zebker} and J. {Villasenor}},
journal={IEEE Transactions on Geoscience and Remote Sensing},
title={Decorrelation in interferometric radar echoes},
year={1992},
volume={30},
number={5},
pages={950-959},
keywords={geophysical techniques;radiowave interferometry;remote sensing by radar;synthetic aperture radar;topography (Earth);remote sensing;United States;interferometric radar echoes;radar interferometric technique;topographic mapping;single synthetic aperture radar;echo correlation statistics;surficial change;vegetated surfaces;backscatter;decorrelation;digital terrain model generation;forested area;Oregon;unvegetated lava flows;global digital terrain map;Decorrelation;Radar antennas;Spaceborne radar;Surface topography;Digital elevation models;Synthetic aperture radar;Terrain mapping;Noise level;Propulsion;Space technology},
doi={10.1109/36.175330},
ISSN={0196-2892},
month={Sep.},}

@ARTICLE{Touzi_TGRS99,
author={R. {Touzi} and A. {Lopes} and J. {Bruniquel} and P. W. {Vachon}},
journal={IEEE Transactions on Geoscience and Remote Sensing},
title={Coherence estimation for SAR imagery},
year={1999},
volume={37},
number={1},
pages={135-149},
keywords={geophysical techniques;geophysical signal processing;terrain mapping;remote sensing by radar;synthetic aperture radar;radar imaging;geophysical measurement technique;land surface;terrain mapping;radar remote sensing;coherence estimation;SAR imagery;radar imaging;synthetic aperture radar;multiple-channel;dual channel method;cross-channel correlation;coherence map resolution;unbiased coherence estimate;Coherence;Synthetic aperture radar;Interferometry;Information resources;Signal resolution;Polarimetry;Statistics;Layout;High-resolution imaging;Phase estimation},
doi={10.1109/36.739146},
ISSN={0196-2892},
month={Jan},}

@ARTICLE{Lee_TGRS94,
author={J.-S. {Lee} and K. W. {Hoppel} and S. A. {Mango} and A. R. {Miller}},
journal={IEEE Transactions on Geoscience and Remote Sensing},
title={Intensity and phase statistics of multilook polarimetric and interferometric SAR imagery},
year={1994},
volume={32},
number={5},
pages={1017-1028},
keywords={geophysical techniques;geophysics computing;remote sensing by radar;synthetic aperture radar;feature extraction;image recognition;image coding;land surface imaging;radar remote sensing;geophysical measurement technique;signal processing;synthetic aperture radar;phase statistics;intensity statistics;multilook polarimetry;interferometric SAR imagery;speckle reduction;data compression;probability density function;multilook phase difference;scattering matrix;complex correlation coefficient;feature classification;image classification;feature extraction;decorrelation effects;Statistics;Radar scattering;Covariance matrix;NASA;Radar polarimetry;Phase measurement;Speckle;Density functional theory;Sea measurements;Decorrelation},
doi={10.1109/36.312890},
ISSN={0196-2892},
month={Sep.},}

@BOOK{Lee_09,
author={J. S. {Lee} and E. {Pottier}},
title={Polarimetric Radar Imaging: from basics to applications},
year={2009},
doi={https://doi.org/10.1201/9781420054989},
publisher={Boca Raton: CRC Press},
}

@ARTICLE{Anfinsen_TGRS09,
author={S. N. {Anfinsen} and A. P. {Doulgeris} and T. {Elt\o ft}},
journal={IEEE Transactions on Geoscience and Remote Sensing},
title={Estimation of the Equivalent Number of Looks in Polarimetric Synthetic Aperture Radar Imagery},
year={2009},
volume={47},
number={11},
pages={3795-3809},
keywords={covariance analysis;maximum likelihood estimation;method of moments;radar polarimetry;remote sensing by radar;synthetic aperture radar;equivalent number of looks;polarimetric synthetic aperture radar imagery;PolSAR;multilook synthetic aperture radar;multilook polarimetric covariance matrix;second-order trace moment;maximum likelihood estimator;Wishart model;complex scattering coefficients;Polarimetric synthetic aperture radar;Covariance matrix;Synthetic aperture radar;Parameter estimation;Speckle;Data models;Detection algorithms;Maximum likelihood estimation;Statistics;Radar scattering;Moment methods;parameter estimation;radar polarimetry;synthetic aperture radar (SAR);unsupervised learning},
doi={10.1109/TGRS.2009.2019269},
ISSN={0196-2892},
month={Nov},}

@ARTICLE{Rodriguez_IEEProceedings92,
   author = {E. Rodriguez},
   author = {J.M. Martin},
   keywords = {geophysical technique;design;interferometric phase;height accuracy;optimal estimator;height-error budget;signal statistics;interferometric synthetic aperture radars;high spatial resolution;InSAR system;high-resolution global topographic mapping;Monte Carlo simulation;remote sensing;},
   ISSN = {0956-375X},
   language = {English},
   abstract = {Interferometric synthetic aperture radar (InSAR) is a method which may provide a means of estimating global topography with high spatial resolution and height accuracy. The paper presents a derivation of the signal statistics, an optimal estimator of the interferometric phase, and the expressions necessary to calculate the height-error budget. These expressions are used to derive methods of optimising the InSAR-system parameters, and are then used in a specific design example for a system to perform high-resolution global topographic mapping with a one-year mission lifetime, subject to current technological constraints. Finally, a Monte Carlo simulation of this InSAR system is performed to evaluate its performance for realistic topography. The results indicate that this system has the potential to satisfy the stringent accuracy and resolution requirements for geophysical use of global topographic data.},
   title = {Theory and design of interferometric synthetic aperture radars},
   journal = {IEE Proceedings F (Radar and Signal Processing)},
   issue = {2},   
   volume = {139},
   year = {1992},
   month = {April},
   pages = {147-159(12)},
   publisher ={},
   copyright = {Â© The Institution of Electrical Engineers},
   url = {https://digital-library.theiet.org/content/journals/10.1049/ip-f-2.1992.0018}
}

@ARTICLE{Rosen_IEEEProceedings00,
author={P. A. {Rosen} and S. {Hensley} and I. R. {Joughin} and F. K. {Li} and S. N. {Madsen} and E. {Rodriguez} and R. M. {Goldstein}},
journal={Proceedings of the IEEE},
title={Synthetic aperture radar interferometry},
year={2000},
volume={88},
number={3},
pages={333-382},
keywords={synthetic aperture radar;radiowave interferometry;surface topography measurement;remote sensing by laser beam;cartography;geodesy;geophysical techniques;synthetic aperture radar interferometry;surface topography;coherent radar signal phase;radar remote sensing;cartography;geodesy;land cover characterization;natural hazards;Synthetic aperture radar interferometry;Extraterrestrial measurements;Radar antennas;Surface topography;Remote sensing;Geophysical measurements;Spaceborne radar;Vegetation mapping;Radar imaging;Hazards},
doi={10.1109/5.838084},
ISSN={0018-9219},
month={March},}


@ARTICLE{Elfouhaily_JGR97,
  title={A unified directional spectrum for long and short wind-driven waves},
  author={Elfouhaily, T. and Chapron, B. and Katsaros, K. and Vandemark, D.},
  journal={Journal  of Geophysical Research},
  volume={102},
  number={C7},
  pages={15781-15796},
  year={1997},
}

@ARTICLE{Sharqawy_DWT10,
author={Sharqawy, M. H. and Lienhard V, J. H. and Zubair, S. M.}, 
title={Thermophysical properties of seawater: A review of existing correlations and data},
year={2010},
month={April},
volume={16},
pages={354-380},
journal={Desalination and Water Treatment},
} 
  
@ARTICLE{Meissner_TGRS04,
author={T. Meissner and F. J. Wentz},
journal={IEEE Transactions on Geoscience and Remote Sensing},
title={The complex dielectric constant of pure and sea water from microwave satellite observations},
year={2004},
volume={42},
number={9},
pages={1836-1849},
keywords={microwave measurement;oceanographic techniques;permittivity;radiometry;remote sensing;seawater;temperature measurement;-2 to 29 C;-20 to 40 C;500 GHz;90 GHz;Debye relaxation wavelengths;Klein-Swift model;Special Sensor Microwave Imager;brightness temperatures;dielectric constant;microwave radiometers;microwave satellite observations;ocean surface emissivity;permittivity;pure water;sea water;supercooled water;temperature;Dielectric constant;Dielectric measurements;Frequency measurement;Laboratories;Ocean temperature;Satellites;Sea measurements;Temperature distribution;Temperature measurement;Wavelength measurement;Dielectric constant of pure and sea water;SSM/I;Special Sensor Microwave/Imager;microwave radiometers;ocean surface emissivity;permittivity},
doi={10.1109/TGRS.2004.831888},
ISSN={0196-2892},
month={Sept},
}

@ARTICLE{Rice_51,
  title={Reflection of electromagnetic waves from slightly rough surfaces.},
  author={Rice, S. O.},
  journal={Communications on Pure and Applied Mathematics},
  volume={4},
  number={2-3},
  pages={351-378},
  year={1951},
}

@book{Beckmann_63,
  title={The scattering of electromagnetic waves from rough surfaces},
  author={Beckmann, P. and Spizzichino, A.},
  year={1963},
  publisher={Artech House Radar Library}
}

@ARTICLE{Valenzuela_BLM78,
  title={Theories for the interaction of electromagnetic and oceanic waves - a review},
  author={Valenzuela, G. R.},
  journal={Boundary-Layer Meteorology},
  volume={13},
  number={1},
  pages={61-85},
  year={1978},
}

@ARTICLE{Voronovich_WRM94,
  title={Small-Slope Approximation for electromagnetic wave scattering at a rough interface of two dielectric half-spaces.},
  author={Voronovich, A. G.},
  journal={Waves in Random and Complex Media},
  volume={4},
  number={3},
  pages={337-367},
  year={1994},
}

@ARTICLE{Guerin_WRM10,
  title={The weighted curvature approximation in scattering from sea surfaces},
  author={Guerin, C.-A. and Soriano, G. and Chapron, B.},
  journal={Waves in Random and Complex Media},
  volume={20},
  number={3},
  pages={364--384},
  year={2010},
  publisher={Taylor \& Francis},
}

@ARTICLE{Elfouhaily_WRM03,
author = {Elfouhaily, T. and Guignard, S. and Awadallah, R. and Thompson, D. R.},
title = {Local and non-local curvature approximation: a new asymptotic theory for wave scattering},
journal = {Waves in Random Media},
volume = {13},
number = {4},
pages = {321-337},
year = {2003},
doi = {10.1088/0959-7174/13/4/308},
URL = {http://dx.doi.org/10.1088/0959-7174/13/4/308},
eprint = {http://dx.doi.org/10.1088/0959-7174/13/4/308},
}

@ARTICLE{Elfouhaily_WRM04,
author = {Elfouhaily, T. and Gu\'erin, C.-A.},
title = {A critical survey of approximate scattering wave theories from random rough surfaces},
journal = {Waves in Random Media},
volume = {14},
number = {4},
pages = {R1-R40},
year = {2004},
doi = {10.1088/0959-7174/14/4/R01},
URL = {http://dx.doi.org/10.1088/0959-7174/14/4/R01},
eprint = {http://dx.doi.org/10.1088/0959-7174/14/4/R01},
}

@MISC{CR_ORION_18012019,
author = {Durand, Claire-Marie and CourriÃ¨re, Thomas and Allard, Jean-Michel and Le Traon, Olivier and Levy, RaphaÃ«l
and Oriot, HÃ©lÃ¨ne and Martinot-Lagarde, Joseph},
title = {Compte-Rendu de la rÃ©union sur l'organisation gÃ©nÃ©rale de ORION entre MBDA et l'ONERA},
year = {2019},
month = {18 Janvier},
}