@misc{forsythe1961finite,
  title={Finite-Difference Methods for Partial Differential Equations},
  author={Forsythe, George E and Wasow, Wolfgang R and Nachbar, William},
  year={1961},
  publisher={American Institute of Physics}
}

@book{smith1985numerical,
  title={Numerical solution of partial differential equations: finite difference methods},
  author={Smith, Gordon D},
  year={1985},
  publisher={Oxford university press}
}

@misc{richtmyer1994difference,
  title={Difference Methods for Initial-value Problems (; Malabar, FL},
  author={Richtmyer, RD and Morton, KW},
  year={1994},
  publisher={Krieger Publishing Co}
}

@incollection{stummel2006difference,
  title={Difference methods for linear initial value problems},
  author={Stummel, F},
  booktitle={Numerische Behandlung nichtlinearer Integrodifferential-und Differentialgleichungen: Vortr{\"a}ge einer Tagung im Mathematischen Forschungsinstitut Oberwolfach, 2. 12.--7. 12. 1973},
  pages={123--135},
  year={2006},
  publisher={Springer}
}

@book{zienkiewicz2005finite,
  title={The finite element method for solid and structural mechanics},
  author={Zienkiewicz, Olek C and Taylor, Robert L},
  year={2005},
  publisher={Elsevier}
}

@book{norrie2014finite,
  title={The finite element method: fundamentals and applications},
  author={Norrie, Douglas H and De Vries, Gerard},
  year={2014},
  publisher={Academic Press}
}

@book{leveque2002finite,
  title={Finite volume methods for hyperbolic problems},
  author={LeVeque, Randall J},
  volume={31},
  year={2002},
  publisher={Cambridge university press}
}

@article{barth2003finite,
  title={Finite volume methods: foundation and analysis},
  author={Barth, Timothy and Ohlberger, Mario},
  year={2003}
}

@incollection{arnold2000discontinuous,
  title={Discontinuous Galerkin methods for elliptic problems},
  author={Arnold, Douglas N and Brezzi, Franco and Cockburn, Bernardo and Marini, Donatella},
  booktitle={Discontinuous Galerkin Methods: Theory, Computation and Applications},
  pages={89--101},
  year={2000},
  publisher={Springer}
}

@book{riviere2008discontinuous,
  title={Discontinuous Galerkin methods for solving elliptic and parabolic equations: theory and implementation},
  author={Rivi{\`e}re, B{\'e}atrice},
  year={2008},
  publisher={SIAM}
}

@article{liu2006spectral,
  title={Spectral difference method for unstructured grids I: Basic formulation},
  author={Liu, Yen and Vinokur, Marcel and Wang, Zhi Jian},
  journal={Journal of Computational Physics},
  volume={216},
  number={2},
  pages={780--801},
  year={2006},
  publisher={Elsevier}
}

@article{van2008stability,
  title={On the stability and accuracy of the spectral difference method},
  author={Van den Abeele, Kris and Lacor, Chris and Wang, Zhi Jian},
  journal={Journal of Scientific Computing},
  volume={37},
  pages={162--188},
  year={2008},
  publisher={Springer}
}

@book{nedelec2001acoustic,
  title={Acoustic and electromagnetic equations: integral representations for harmonic problems},
  author={N{\'e}d{\'e}lec, Jean-Claude},
  volume={144},
  year={2001},
  publisher={Springer}
}

@misc{wu2002boundary,
  title={Boundary element acoustics fundamentals and computer codes},
  author={Wu, TW},
  year={2002},
  publisher={Acoustical Society of America}
}


@article{kirkup2019boundary,
  title={The boundary element method in acoustics: A survey},
  author={Kirkup, Stephen},
  journal={Applied Sciences},
  volume={9},
  number={8},
  pages={1642},
  year={2019},
  publisher={MDPI}
}

@article{george1994advancing,
  title={The advancing-front mesh generation method revisited},
  author={George, Paul Louis and Seveno, {\'E}ric},
  journal={International Journal for Numerical Methods in Engineering},
  volume={37},
  number={21},
  pages={3605--3619},
  year={1994},
  publisher={Wiley Online Library}
}

@article{lohner1996progress,
  title={Progress in grid generation via the advancing front technique},
  author={L{\"o}hner, Rainald},
  journal={Engineering with computers},
  volume={12},
  pages={186--210},
  year={1996},
  publisher={Springer}
}

@article{lohner2014recent,
  title={Recent advances in parallel advancing front grid generation},
  author={L{\"o}hner, Rainald},
  journal={Archives of Computational Methods in Engineering},
  volume={21},
  pages={127--140},
  year={2014},
  publisher={Springer}
}

@article{baker2005mesh,
  title={Mesh generation: Art or science?},
  author={Baker, Timothy J},
  journal={Progress in Aerospace Sciences},
  volume={41},
  number={1},
  pages={29--63},
  year={2005},
  publisher={Elsevier}
}

@phdthesis{botella2016generation,
  title={G{\'e}n{\'e}ration de maillages non structur{\'e}s volumiques de mod{\`e}les g{\'e}ologiques pour la simulation de ph{\'e}nom{\`e}nes physiques},
  author={Botella, Arnaud},
  year={2016},
  school={Universit{\'e} de Lorraine}
}

@inproceedings{pascal1998fast,
  title={Fast adaptive quadtree mesh generation},
  author={Pascal, F and Marechal, JL},
  booktitle={7th International Meshing Roundtable},
  pages={211--224},
  year={1998},
  organization={Citeseer}
}

@article{yerry1983finite,
  title={Finite element mesh generation based on a modified-quadtree approach},
  author={Yerry, MA and Shephard, MS},
  journal={IEEE Computer Graphics and Applications},
  volume={3},
  number={1},
  pages={36--46},
  year={1983}
}

@book{george2013mesh,
  title={Mesh generation: application to finite elements},
  author={George, Paul Louis and Frey, Pascal},
  year={2013},
  publisher={John Wiley \& Sons}
}

@inproceedings{bommes2013quad,
  title={Quad-mesh generation and processing: A survey},
  author={Bommes, David and L{\'e}vy, Bruno and Pietroni, Nico and Puppo, Enrico and Silva, Claudio and Tarini, Marco and Zorin, Denis},
  booktitle={Computer graphics forum},
  volume={32},
  number={6},
  pages={51--76},
  year={2013},
  organization={Wiley Online Library}
}

@article{shepherd2008hexahedral,
  title={Hexahedral mesh generation constraints},
  author={Shepherd, Jason F and Johnson, Chris R},
  journal={Engineering with Computers},
  volume={24},
  number={3},
  pages={195--213},
  year={2008},
  publisher={Springer}
}

@phdthesis{reberol2018maillages,
  title={Maillages hex-dominants: g{\'e}n{\'e}ration, simulation et {\'e}valuation},
  author={Reberol, Maxence},
  year={2018},
  school={Phd Thesis). Universit{\'e} de Lorraine}
}

@article{owen1998survey,
  title={A survey of unstructured mesh generation technology.},
  author={Owen, Steven J},
  journal={IMR},
  volume={239},
  number={267},
  pages={15},
  year={1998}
}

@article{hecht2007maillage,
  title={Maillage 2D, 3D, adaptation},
  author={Hecht, Fr{\'e}d{\'e}ric},
  year={2007}
}

@article{bowyer1981computing,
  title={Computing dirichlet tessellations},
  author={Bowyer, Adrian},
  journal={The computer journal},
  volume={24},
  number={2},
  pages={162--166},
  year={1981},
  publisher={Oxford University Press}
}

@article{watson1981computing,
  title={Computing the n-dimensional Delaunay tessellation with application to Voronoi polytopes},
  author={Watson, David F},
  journal={The computer journal},
  volume={24},
  number={2},
  pages={167--172},
  year={1981},
  publisher={Oxford University Press}
}

@article{beaufort2017computing,
  title={Computing cross fields A PDE approach based on the Ginzburg-Landau theory},
  author={Beaufort, Pierre-Alexandre and Lambrechts, Jonathan and Henrotte, Fran{\c{c}}ois and Geuzaine, Christophe and Remacle, Jean-Fran{\c{c}}ois},
  journal={Procedia engineering},
  volume={203},
  pages={219--231},
  year={2017},
  publisher={Elsevier}
}


@book{ern2004theory,
  title={Theory and practice of finite elements},
  author={Ern, Alexandre and Guermond, Jean-Luc},
  volume={159},
  year={2004},
  publisher={Springer}
}

@inproceedings{kowalski2013pde,
  title={A PDE based approach to multidomain partitioning and quadrilateral meshing},
  author={Kowalski, Nicolas and Ledoux, Franck and Frey, Pascal},
  booktitle={Proceedings of the 21st international meshing roundtable},
  pages={137--154},
  year={2013},
  organization={Springer}
}

@article{viertel2019approach,
  title={An approach to quad meshing based on harmonic cross-valued maps and the Ginzburg--Landau theory},
  author={Viertel, Ryan and Osting, Braxton},
  journal={SIAM Journal on Scientific Computing},
  volume={41},
  number={1},
  pages={A452--A479},
  year={2019},
  publisher={SIAM}
}

@article{d2000bilinear,
  title={Are bilinear quadrilaterals better than linear triangles?},
  author={D'azevedo, Eduardo F},
  journal={SIAM Journal on Scientific Computing},
  volume={22},
  number={1},
  pages={198--217},
  year={2000},
  publisher={SIAM}
}

@book{george1997triangulation,
  title={Triangulation de Delaunay et maillage: applications aux {\'e}l{\'e}ments finis},
  author={George, Paul L and Borouchaki, Houman},
  year={1997},
  publisher={Hermes}
}

@inproceedings{cohen2002conforming,
  title={Conforming Delaunay triangulations in 3D},
  author={Cohen-Steiner, David and De Verdiere, Eric Colin and Yvinec, Mariette},
  booktitle={Proceedings of the eighteenth annual symposium on Computational geometry},
  pages={199--208},
  year={2002}
}

@incollection{catmull1998recursively,
  title={Recursively generated B-spline surfaces on arbitrary topological meshes},
  author={Catmull, Edwin and Clark, James},
  booktitle={Seminal graphics: pioneering efforts that shaped the field},
  pages={183--188},
  year={1998}
}

@article{lo1989generating,
  title={Generating quadrilateral elements on plane and over curved surfaces},
  author={Lo, SH},
  journal={Computers \& structures},
  volume={31},
  number={3},
  pages={421--426},
  year={1989},
  publisher={Elsevier}
}

@article{owen1998quad,
  title={Quad-morphing: advancing front quad meshing using triangle transformations},
  author={Owen, Steven J and Staten, Matthew L and Canann, Scott A and Saigal, Sunil},
  journal={Proceedings 7th International Meshing Roundtable, Dearborn, MI},
  year={1998}
}

@inproceedings{gurung2011squad,
  title={SQuad: Compact representation for triangle meshes},
  author={Gurung, Topraj and Laney, Daniel and Lindstrom, Peter and Rossignac, Jarek},
  booktitle={Computer Graphics Forum},
  volume={30},
  number={2},
  pages={355--364},
  year={2011},
  organization={Wiley Online Library}
}

@article{remacle2012blossom,
  title={Blossom-Quad: A non-uniform quadrilateral mesh generator using a minimum-cost perfect-matching algorithm},
  author={Remacle, J-F and Lambrechts, Jonathan and Seny, Bruno and Marchandise, Emilie and Johnen, Amaury and Geuzainet, C},
  journal={International journal for numerical methods in engineering},
  volume={89},
  number={9},
  pages={1102--1119},
  year={2012},
  publisher={Wiley Online Library}
}

@article{allaire2005analyse,
  title={Analyse num{\'e}rique et optimisation: Une introductiona la mod{\'e}lisation math{\'e}matique eta la simulation num{\'e}rique},
  author={Allaire, Gr{\'e}goire},
  journal={Editions Ecole Polytechnique},
  volume={22},
  year={2005}
}

@incollection{alliez2003anisotropic,
  title={Anisotropic polygonal remeshing},
  author={Alliez, Pierre and Cohen-Steiner, David and Devillers, Olivier and L{\'e}vy, Bruno and Desbrun, Mathieu},
  booktitle={ACM SIGGRAPH 2003 Papers},
  pages={485--493},
  year={2003}
}

@inproceedings{marinov2004direct,
  title={Direct anisotropic quad-dominant remeshing},
  author={Marinov, Martin and Kobbelt, Leif},
  booktitle={12th Pacific Conference on Computer Graphics and Applications, 2004. PG 2004. Proceedings.},
  pages={207--216},
  year={2004},
  organization={IEEE}
}

@inproceedings{kalberer2007quadcover,
  title={Quadcover-surface parameterization using branched coverings},
  author={K{\"a}lberer, Felix and Nieser, Matthias and Polthier, Konrad},
  booktitle={Computer graphics forum},
  volume={26},
  number={3},
  pages={375--384},
  year={2007},
  organization={Wiley Online Library}
}

@article{fogg2015automatic,
  title={Automatic generation of multiblock decompositions of surfaces},
  author={Fogg, Harold J and Armstrong, Cecil G and Robinson, Trevor T},
  journal={International Journal for Numerical Methods in Engineering},
  volume={101},
  number={13},
  pages={965--991},
  year={2015},
  publisher={Wiley Online Library}
}

@article{palacios2007rotational,
  title={Rotational symmetry field design on surfaces},
  author={Palacios, Jonathan and Zhang, Eugene},
  journal={ACM Transactions on Graphics (TOG)},
  volume={26},
  number={3},
  pages={55--es},
  year={2007},
  publisher={ACM New York, NY, USA}
}

@article{bommes2009mixed,
  title={Mixed-integer quadrangulation},
  author={Bommes, David and Zimmer, Henrik and Kobbelt, Leif},
  journal={ACM Transactions On Graphics (TOG)},
  volume={28},
  number={3},
  pages={1--10},
  year={2009},
  publisher={ACM New York, NY, USA}
}

@article{bommes2013integer,
  title={Integer-grid maps for reliable quad meshing},
  author={Bommes, David and Campen, Marcel and Ebke, Hans-Christian and Alliez, Pierre and Kobbelt, Leif},
  journal={ACM Transactions on Graphics (TOG)},
  volume={32},
  number={4},
  pages={1--12},
  year={2013},
  publisher={ACM New York, NY, USA}
}

@article{bunin2008towards,
  title={Towards unstructured mesh generation using the inverse poisson problem},
  author={Bunin, Guy},
  journal={arXiv preprint arXiv:0802.2399},
  year={2008}
}

@article{myles2014robust,
  title={Robust field-aligned global parametrization.},
  author={Myles, Ashish and Pietroni, Nico and Zorin, Denis},
  journal={ACM Trans. Graph.},
  volume={33},
  number={4},
  pages={135--1},
  year={2014}
}

@article{campen2015quantized,
  title={Quantized global parametrization},
  author={Campen, Marcel and Bommes, David and Kobbelt, Leif},
  journal={Acm Transactions On Graphics (tog)},
  volume={34},
  number={6},
  pages={1--12},
  year={2015},
  publisher={ACM New York, NY, USA}
}

@article{ray2006periodic,
  title={Periodic global parameterization},
  author={Ray, Nicolas and Li, Wan Chiu and L{\'e}vy, Bruno and Sheffer, Alla and Alliez, Pierre},
  journal={ACM Transactions on Graphics (TOG)},
  volume={25},
  number={4},
  pages={1460--1485},
  year={2006},
  publisher={ACM New York, NY, USA}
}

@article{hohring1997mesh,
  title={Mesh refinement via bidirected flows: Modeling, complexity, and computational results},
  author={H{\"o}hring, Rolf H and M{\"u}ller-Hannemann, Matthias and Wiehe, Karsten},
  journal={Journal of the ACM (JACM)},
  volume={44},
  number={3},
  pages={395--426},
  year={1997},
  publisher={ACM New York, NY, USA}
}

@article{mitchell2000high,
  title={High fidelity interval assignment},
  author={Mitchell, Scott A},
  journal={International Journal of Computational Geometry \& Applications},
  volume={10},
  number={04},
  pages={399--415},
  year={2000},
  publisher={World Scientific}
}

@incollection{mitchell2014simple,
  title={Simple and fast interval assignment using nonlinear and piecewise linear objectives},
  author={Mitchell, Scott A},
  booktitle={Proceedings of the 22nd International Meshing Roundtable},
  pages={203--221},
  year={2014},
  publisher={Springer}
}

@article{jezdimirovic2021quad,
  title={Quad layouts with high valence singularities for flexible quad meshing},
  author={Jezdimirovic, Jovana and Chemin, Alexandre and Reberol, Maxence and Henrotte, Fran{\c{c}}ois and Remacle, Jean-Fran{\c{c}}ois},
  journal={Proceedings of the 29th Meshing Roundtable},
  year={2021}
}

@article{macq2020ginzburg,
  title={Ginzburg-Landau energy and placement of singularities in generated cross fields},
  author={Macq, Alexis and Reberol, Maxence and Henrotte, Fran{\c{c}}ois and Beaufort, Pierre-Alexandre and Chemin, Alexandre and Remacle, Jean-Fran{\c{c}}ois and Van Schaftingen, Jean},
  journal={arXiv preprint arXiv:2010.16381},
  year={2020}
}

@article{ray2008n,
  title={N-symmetry direction field design},
  author={Ray, Nicolas and Vallet, Bruno and Li, Wan Chiu and L{\'e}vy, Bruno},
  journal={ACM Transactions on Graphics (TOG)},
  volume={27},
  number={2},
  pages={1--13},
  year={2008},
  publisher={ACM New York, NY, USA}
}

@inproceedings{nieser2011cubecover,
  title={Cubecover--parameterization of 3d volumes},
  author={Nieser, Matthias and Reitebuch, Ulrich and Polthier, Konrad},
  booktitle={Computer graphics forum},
  volume={30},
  number={5},
  pages={1397--1406},
  year={2011},
  organization={Wiley Online Library}
}

@article{schneiders1996grid,
  title={A grid-based algorithm for the generation of hexahedral element meshes},
  author={Schneiders, Robert},
  journal={Engineering with computers},
  volume={12},
  pages={168--177},
  year={1996},
  publisher={Springer}
}

@inproceedings{taghavi1994automatic,
  title={Automatic parallel and Fault Tolerant Mesh Generation from CAD on Cray Research Super Computers},
  author={Taghavi, R},
  booktitle={Proc. CUG Conference, Tours, France},
  year={1994}
}

@inproceedings{ives1995geometric,
  title={Geometric Grid Generation. Surface Modeling, Grid Generation, and Related Issues in Computational Fluid Dynamic (CFD) Solutions},
  author={Ives, D},
  booktitle={Proceedings NASA-conference, Cleveland, Ohio, NASA CP-3291},
  year={1995}
}

@misc{nackman1989method,
  title={Method of generating finite elements using the symmetric axis transform},
  author={Nackman, Lee R and Srinivasan, Vijay},
  year={1989},
  month=jan # "~10",
  publisher={Google Patents},
  note={US Patent 4,797,842}
}

@article{tam19912d,
  title={2D finite element mesh generation by medial axis subdivision},
  author={Tam, TKH},
  journal={Advances in engineering software and workstations},
  volume={13},
  number={5-6},
  pages={313--324},
  year={1991},
  publisher={Elsevier}
}

@inproceedings{de2009fast,
  title={Fast medial axis transform for planar domains with general boundaries},
  author={de Moura Pinto, Francisco and Freitas, Carla Maria Dal Sasso},
  booktitle={2009 XXII Brazilian Symposium on Computer Graphics and Image Processing},
  pages={96--103},
  year={2009},
  organization={IEEE}
}

@article{owen1999q,
  title={Q-Morph: an indirect approach to advancing front quad meshing},
  author={Owen, Steven J and Staten, Matthew L and Canann, Scott A and Saigal, Sunil},
  journal={International journal for numerical methods in engineering},
  volume={44},
  number={9},
  pages={1317--1340},
  year={1999},
  publisher={Wiley Online Library}
}

@article{blacker1991paving,
  title={Paving: A new approach to automated quadrilateral mesh generation},
  author={Blacker, Ted D and Stephenson, Michael B},
  journal={International journal for numerical methods in engineering},
  volume={32},
  number={4},
  pages={811--847},
  year={1991},
  publisher={Wiley Online Library}
}

@inproceedings{white1997redesign,
  title={Redesign of the paving algorithm: Robustness enhancements through element by element meshing},
  author={White, David R and Kinney, Paul},
  booktitle={6th international meshing roundtable},
  volume={10},
  pages={830},
  year={1997}
}

@inproceedings{gourdain2010advanced,
  title={Advanced numerical simulation dedicated to the prediction of heat transfer in a highly loaded turbine guide vane},
  author={Gourdain, Nicolas and Duchaine, Florent and Gicquel, Laurent YM and Collado, Elena},
  booktitle={Turbo Expo: Power for Land, Sea, and Air},
  volume={44021},
  pages={807--820},
  year={2010}
}

@article{hopf1935drehung,
  title={{\"U}ber die drehung der tangenten und sehnen ebener kurven},
  author={Hopf, Heinz},
  journal={Compositio mathematica},
  volume={2},
  pages={50--62},
  year={1935}
}

@phdthesis{rotskoff2010gauss,
  title={The Gauss-Bonnet Theorem},
  author={Rotskoff, Grant},
  year={2010},
  school={Master thesis, University of Chicago}
}

@article{marcon2019high,
  title={A high resolution PDE approach to quadrilateral mesh generation},
  author={Marcon, Julian and Kopriva, David A and Sherwin, Spencer J and Peir{\'o}, Joaquim},
  journal={Journal of Computational Physics},
  volume={399},
  pages={108918},
  year={2019},
  publisher={Elsevier}
}

@article{georgegeneration,
  title={G{\'e}n{\'e}ration de maillages par une m{\'e}thode de type Vorono{\"\i}},
  author={George, Paul Louis},
  journal={Rapports de recherche- INRIA},
  year={1991},
  publisher={Institut national de recherche en informatique et en automatique}
}

@book{ascher1998computer,
  title={Computer methods for ordinary differential equations and differential-algebraic equations},
  author={Ascher, Uri M and Petzold, Linda R},
  volume={61},
  year={1998},
  publisher={Siam}
}

@book{rudin1998analyse,
  title={Analyse r{\'e}elle et complexe: cours et exercices},
  author={Rudin, Walter},
  year={1998},
  publisher={Dunod}
}

@article{sharp2019vector,
  title={The vector heat method},
  author={Sharp, Nicholas and Soliman, Yousuf and Crane, Keenan},
  journal={ACM Transactions on Graphics (TOG)},
  volume={38},
  number={3},
  pages={1--19},
  year={2019},
  publisher={ACM New York, NY, USA}
}

@article{cook1974body,
  title={Body oriented (natural) co-ordinates for generating three-dimensional meshes},
  author={Cook, William A},
  journal={International Journal for Numerical Methods in Engineering},
  volume={8},
  number={1},
  pages={27--43},
  year={1974},
  publisher={Wiley Online Library}
}

@article{frey2005cours,
  title={Cours Maillage 2D, surfacique et 3D},
  author={Frey, Pascal and Hecht, Fr{\'e}d{\'e}ric},
  journal={Universit{\'e} Pierre et Marie Curie (Paris 6). URL: https://www. ljll. math. upmc. fr/\~{} hecht/ftp/old/IST/NoteCours-v1. pdf},
  year={2005}
}


@inproceedings{solomon2014laplace,
  title={Laplace-Beltrami: The Swiss army knife of geometry processing},
  author={Solomon, Justin and Crane, Keegan and Vouga, Etienne},
  booktitle={Symposium on Geometry Processing Graduate School (Cardiff, UK, 2014)},
  volume={2},
  year={2014}
}


@inproceedings{nealen2006laplacian,
  title={Laplacian mesh optimization},
  author={Nealen, Andrew and Igarashi, Takeo and Sorkine, Olga and Alexa, Marc},
  booktitle={Proceedings of the 4th international conference on Computer graphics and interactive techniques in Australasia and Southeast Asia},
  pages={381--389},
  year={2006}
}


@inproceedings{belkin2008discrete,
  title={Discrete Laplace operator on meshed surfaces},
  author={Belkin, Mikhail and Sun, Jian and Wang, Yusu},
  booktitle={Proceedings of the twenty-fourth annual symposium on Computational geometry},
  pages={278--287},
  year={2008}
}


@inproceedings{crane2010trivial,
  title={Trivial connections on discrete surfaces},
  author={Crane, Keenan and Desbrun, Mathieu and Schr{\"o}der, Peter},
  booktitle={Computer Graphics Forum},
  volume={29},
  number={5},
  pages={1525--1533},
  year={2010},
  organization={Wiley Online Library}
}

@techreport{de2010trivial,
  title={Trivial connections on discrete surfaces revisited: A simplified algorithm for simply-connected surfaces},
  author={de Goes, Fernando and Crane, Keenan},
  year={2010},
  institution={Technical Report}
}


@book{dziuk1988finite,
  title={Finite elements for the Beltrami operator on arbitrary surfaces},
  author={Dziuk, Gerhard},
  year={1988},
  publisher={Springer}
}

@Misc{Henri_Paul_de_Saint_Gervais,
  author =       {Henri Paul de Saint-Gervais},
  title =        {Un invariant topologique : la caractéristique d’Euler-Poincaré d’une surface fermée},
  howpublished = {https://analysis-situs.math.cnrs.fr/Un-invariant-topologique-la-caracteristique-d-Euler-Poincare-d-une-surface-fermee.html},
  year =         {2014},
}


@article{operatorlecture,
  title={Lecture 12: Discrete Laplacian},
  author={Tianye, Lu}
}

@article{crane2019n,
  title={The n-dimensional cotangent formula},
  author={Crane, Keenan},
  journal={Online note. URL: https://www. cs. cmu. edu/\~{} kmcrane/Projects/Other/nDCotanFormula. pdf},
  pages={11--32},
  year={2019}
}

